@book{benjamin1969work,
  title={The Work of Art in the Age of Mechanical Reproduction},
  author={Benjamin, Walter},
  year={1969},
  publisher={Schocken Books},
  address={New York},
  note={(Original work published 1936)},
  translator={Zohn, Harry},
  booktitle={Illuminations}
}

@book{batchen2001each,
  title={Each Wild Idea: Writing, Photography, History},
  author={Batchen, Geoffrey},
  year={2001},
  publisher={MIT Press},
  address={Cambridge, MA}
}

@book{hand2012ubiquitous,
  title={Ubiquitous Photography},
  author={Hand, Martin},
  year={2012},
  publisher={Polity Press},
  address={Cambridge, UK}
}

@book{eisenstein1980printing,
  title={The Printing Press as an Agent of Change},
  author={Eisenstein, Elizabeth L.},
  year={1980},
  publisher={Cambridge University Press},
  address={Cambridge, UK}
}

@book{ong1982orality,
  title={Orality and Literacy: The Technologizing of the Word},
  author={Ong, Walter J.},
  year={1982},
  publisher={Methuen},
  address={London}
}

@book{baron2015words,
  title={Words Onscreen: The Fate of Reading in a Digital World},
  author={Baron, Naomi S.},
  year={2015},
  publisher={Oxford University Press},
  address={Oxford, UK}
}

@book{kidwell2008tools,
  title={Tools of American Mathematics Teaching, 1800-2000},
  author={Kidwell, Peggy Aldrich and Ackerberg-Hastings, Amy and Roberts, David Lindsay},
  year={2008},
  publisher={Johns Hopkins University Press},
  address={Baltimore, MD}
}

@incollection{kaput1992technology,
  title={Technology and Mathematics Education},
  author={Kaput, James J.},
  booktitle={Handbook of Research on Mathematics Teaching and Learning},
  editor={Grouws, Douglas A.},
  year={1992},
  publisher={Macmillan},
  address={New York},
  pages={515--556}
}

@book{taylor2001strange,
  title={Strange Sounds: Music, Technology and Culture},
  author={Taylor, Timothy D.},
  year={2001},
  publisher={Routledge},
  address={New York}
}

@book{theberge1997any,
  title={Any Sound You Can Imagine: Making Music/Consuming Technology},
  author={Th√©berge, Paul},
  year={1997},
  publisher={Wesleyan University Press},
  address={Middletown, CT}
}

@book{prior2018popular,
  title={Popular Music, Digital Technology and Society},
  author={Prior, Nick},
  year={2018},
  publisher={SAGE Publications},
  address={London}
}

@book{floridi2014fourth,
  title={The Fourth Revolution: How the Infosphere is Reshaping Human Reality},
  author={Floridi, Luciano},
  year={2014},
  publisher={Oxford University Press},
  address={Oxford, UK}
}

@book{andrejevic2013infoglut,
  title={Infoglut: How Too Much Information Is Changing the Way We Think and Know},
  author={Andrejevic, Mark},
  year={2013},
  publisher={Routledge},
  address={New York}
}

@book{zuboff2019age,
  title={The Age of Surveillance Capitalism: The Fight for a Human Future at the New Frontier of Power},
  author={Zuboff, Shoshana},
  year={2019},
  publisher={Profile Books},
  address={London}
}

@article{varoufakis2021techfeudal,
  title={Techno-Feudalism Is Taking Over},
  author={Varoufakis, Yanis},
  journal={Project Syndicate},
  year={2021},
  month={June},
  day={28},
  url={https://www.project-syndicate.org/commentary/techno-feudalism-replacing-market-capitalism-by-yanis-varoufakis-2021-06},
  note={Accessed March 29, 2025}
}

@book{crawford2021atlas,
  title={Atlas of AI: Power, Politics, and the Planetary Costs of Artificial Intelligence},
  author={Crawford, Kate},
  year={2021},
  publisher={Yale University Press},
  address={New Haven, CT}
}

@book{brynjolfsson2014second,
  title={The Second Machine Age: Work, Progress, and Prosperity in a Time of Brilliant Technologies},
  author={Brynjolfsson, Erik and McAfee, Andrew},
  year={2014},
  publisher={W. W. Norton \& Company},
  address={New York}
}

@article{frey2017future,
  title={The future of employment: How susceptible are jobs to computerisation?},
  author={Frey, Carl Benedikt and Osborne, Michael A.},
  journal={Technological Forecasting and Social Change},
  volume={114},
  pages={254--280},
  year={2017},
  publisher={Elsevier}
}

@article{autor2015why,
  title={Why Are There Still So Many Jobs? The History and Future of Workplace Automation},
  author={Autor, David H.},
  journal={Journal of Economic Perspectives},
  volume={29},
  number={3},
  pages={3--30},
  year={2015},
  publisher={American Economic Association}
}
